<?xml version="1.0" encoding="UTF-8"?>
  <record xmlns="http://www.loc.gov/MARC21/slim" type="Authority">
    <leader>00000nz  a2200000nc 4500</leader>
    <controlfield tag="001">100959954</controlfield>
    <controlfield tag="003">DE-101</controlfield>
    <controlfield tag="005">20170203163000.0</controlfield>
    <controlfield tag="008">910104n||azznnaabn           | aaa    |c</controlfield>
    <datafield tag="024" ind1="7" ind2=" ">
      <subfield code="a">100959954</subfield>
      <subfield code="0">http://d-nb.info/gnd/100959954</subfield>
      <subfield code="2">gnd</subfield>
    </datafield>
    <datafield tag="035" ind1=" " ind2=" ">
      <subfield code="a">(DE-101)100959954</subfield>
    </datafield>
    <datafield tag="035" ind1=" " ind2=" ">
      <subfield code="a">(DE-588)100959954</subfield>
    </datafield>
    <datafield tag="035" ind1=" " ind2=" ">
      <subfield code="z">(DE-588)177186887</subfield>
    </datafield>
    <datafield tag="035" ind1=" " ind2=" ">
      <subfield code="z">(DE-588a)177186887</subfield>
      <subfield code="9">v:zg</subfield>
    </datafield>
    <datafield tag="035" ind1=" " ind2=" ">
      <subfield code="z">(DE-588a)100959954</subfield>
      <subfield code="9">v:zg</subfield>
    </datafield>
    <datafield tag="035" ind1=" " ind2=" ">
      <subfield code="z">(DE-588a)119808110</subfield>
    </datafield>
    <datafield tag="035" ind1=" " ind2=" ">
      <subfield code="z">(DE-588c)4732748-0</subfield>
      <subfield code="9">v:zg</subfield>
    </datafield>
    <datafield tag="040" ind1=" " ind2=" ">
      <subfield code="a">DE-12</subfield>
      <subfield code="c">DE-12</subfield>
      <subfield code="9">r:DE-12</subfield>
      <subfield code="b">ger</subfield>
      <subfield code="d">9999</subfield>
    </datafield>
    <datafield tag="042" ind1=" " ind2=" ">
      <subfield code="a">gnd1</subfield>
    </datafield>
    <datafield tag="043" ind1=" " ind2=" ">
      <subfield code="c">XA-IT</subfield>
    </datafield>
    <datafield tag="065" ind1=" " ind2=" ">
      <subfield code="a">7.14p</subfield>
      <subfield code="2">sswd</subfield>
    </datafield>
    <datafield tag="075" ind1=" " ind2=" ">
      <subfield code="b">p</subfield>
      <subfield code="2">gndgen</subfield>
    </datafield>
    <datafield tag="075" ind1=" " ind2=" ">
      <subfield code="b">piz</subfield>
      <subfield code="2">gndspec</subfield>
    </datafield>
    <datafield tag="079" ind1=" " ind2=" ">
      <subfield code="a">g</subfield>
      <subfield code="q">f</subfield>
      <subfield code="q">n</subfield>
      <subfield code="q">s</subfield>
      <subfield code="q">a</subfield>
      <subfield code="q">t</subfield>
    </datafield>
    <datafield tag="100" ind1="0" ind2=" ">
      <subfield code="a">Rolandinus</subfield>
      <subfield code="c">de Passageriis</subfield>
      <subfield code="d">1215-1300</subfield>
    </datafield>
    <datafield tag="400" ind1="0" ind2=" ">
      <subfield code="a">Rolandino</subfield>
      <subfield code="c">de'Passeggeri</subfield>
      <subfield code="d">1215-1300</subfield>
    </datafield>
    <datafield tag="400" ind1="1" ind2=" ">
      <subfield code="a">Rudolphinus de Passageriis, Rolandinus</subfield>
      <subfield code="d">1215-1300</subfield>
    </datafield>
    <datafield tag="400" ind1="1" ind2=" ">
      <subfield code="a">Passaggieri, Rolandino</subfield>
      <subfield code="d">1215-1300</subfield>
    </datafield>
    <datafield tag="400" ind1="0" ind2=" ">
      <subfield code="a">Rudolphinus</subfield>
      <subfield code="c">de Passageriis</subfield>
      <subfield code="d">1215-1300</subfield>
    </datafield>
    <datafield tag="400" ind1="0" ind2=" ">
      <subfield code="a">Rolandino</subfield>
      <subfield code="c">Passagerio</subfield>
      <subfield code="d">1215-1300</subfield>
    </datafield>
    <datafield tag="400" ind1="0" ind2=" ">
      <subfield code="a">Rolandinus</subfield>
      <subfield code="c">Rudolphinus de Passageriis</subfield>
      <subfield code="d">1215-1300</subfield>
    </datafield>
    <datafield tag="400" ind1="1" ind2=" ">
      <subfield code="a">Passageriis, Rolandinus R. &#152;de&#156;</subfield>
      <subfield code="d">1215-1300</subfield>
    </datafield>
    <datafield tag="400" ind1="0" ind2=" ">
      <subfield code="a">Rolandino</subfield>
      <subfield code="c">Passagero</subfield>
      <subfield code="d">1215-1300</subfield>
    </datafield>
    <datafield tag="400" ind1="1" ind2=" ">
      <subfield code="a">Rolandus, Rudolph</subfield>
      <subfield code="d">1215-1300</subfield>
    </datafield>
    <datafield tag="400" ind1="1" ind2=" ">
      <subfield code="a">Rodulphus, Rolandinus</subfield>
      <subfield code="d">1215-1300</subfield>
    </datafield>
    <datafield tag="400" ind1="1" ind2=" ">
      <subfield code="a">Passagerius, Roland</subfield>
      <subfield code="d">1215-1300</subfield>
    </datafield>
    <datafield tag="400" ind1="0" ind2=" ">
      <subfield code="a">Rolandinus</subfield>
      <subfield code="c">Rodulphinus</subfield>
      <subfield code="d">1215-1300</subfield>
    </datafield>
    <datafield tag="400" ind1="1" ind2=" ">
      <subfield code="a">Paschagerius, Rolandinus</subfield>
      <subfield code="d">1215-1300</subfield>
    </datafield>
    <datafield tag="400" ind1="0" ind2=" ">
      <subfield code="a">Rolandinus</subfield>
      <subfield code="c">Passagerii</subfield>
      <subfield code="d">1215-1300</subfield>
    </datafield>
    <datafield tag="400" ind1="0" ind2=" ">
      <subfield code="a">Rolandinus Bononiensis</subfield>
      <subfield code="d">1215-1300</subfield>
    </datafield>
    <datafield tag="400" ind1="0" ind2=" ">
      <subfield code="a">Passagerius</subfield>
      <subfield code="d">1215-1300</subfield>
    </datafield>
    <datafield tag="400" ind1="0" ind2=" ">
      <subfield code="a">Rolandinus Rodolphinus</subfield>
      <subfield code="d">1215-1300</subfield>
    </datafield>
    <datafield tag="400" ind1="0" ind2=" ">
      <subfield code="a">Rolandinus</subfield>
      <subfield code="c">Bononiensis</subfield>
      <subfield code="d">1215-1300</subfield>
    </datafield>
    <datafield tag="400" ind1="0" ind2=" ">
      <subfield code="a">Rolandinus</subfield>
      <subfield code="c">Passagerius</subfield>
      <subfield code="d">1215-1300</subfield>
    </datafield>
    <datafield tag="400" ind1="1" ind2=" ">
      <subfield code="a">Passageriis, Rolandinus &#152;de&#156;</subfield>
      <subfield code="d">1215-1300</subfield>
    </datafield>
    <datafield tag="400" ind1="1" ind2=" ">
      <subfield code="a">Passagerius, Rolandinus</subfield>
      <subfield code="d">1215-1300</subfield>
    </datafield>
    <datafield tag="400" ind1="1" ind2=" ">
      <subfield code="a">Rudolphinus, Orlandus</subfield>
      <subfield code="d">1215-1300</subfield>
    </datafield>
    <datafield tag="400" ind1="1" ind2=" ">
      <subfield code="a">Passagieri, Rolandino</subfield>
      <subfield code="d">1215-1300</subfield>
    </datafield>
    <datafield tag="400" ind1="0" ind2=" ">
      <subfield code="a">Orlandinus</subfield>
      <subfield code="c">Rudolphinus</subfield>
      <subfield code="d">1215-1300</subfield>
    </datafield>
    <datafield tag="400" ind1="0" ind2=" ">
      <subfield code="a">Rolandinus Rudolphinus Bononiensis</subfield>
      <subfield code="d">1215-1300</subfield>
    </datafield>
    <datafield tag="500" ind1="1" ind2=" ">
      <subfield code="0">(DE-101)104081295</subfield>
      <subfield code="0">(DE-588)104081295</subfield>
      <subfield code="0">https://d-nb.info/gnd/104081295</subfield>
      <subfield code="a">Canis, Johannes Jacobus</subfield>
      <subfield code="d">1420-1494</subfield>
      <subfield code="4">beza</subfield>
      <subfield code="4">https://d-nb.info/standards/elementset/gnd#acquaintanceshipOrFriendship</subfield>
      <subfield code="w">r</subfield>
      <subfield code="i">Bekanntschaft</subfield>
      <subfield code="e">Bekanntschaft</subfield>
      <subfield code="9">v:VD-16 Mitverf.</subfield>
    </datafield>
    <datafield tag="500" ind1="1" ind2=" ">
      <subfield code="0">(DE-101)104123389</subfield>
      <subfield code="0">(DE-588)104123389</subfield>
      <subfield code="0">https://d-nb.info/gnd/104123389</subfield>
      <subfield code="a">Decio, Filippo</subfield>
      <subfield code="d">1454-1535</subfield>
      <subfield code="4">beza</subfield>
      <subfield code="4">https://d-nb.info/standards/elementset/gnd#acquaintanceshipOrFriendship</subfield>
      <subfield code="w">r</subfield>
      <subfield code="i">Bekanntschaft</subfield>
      <subfield code="e">Bekanntschaft</subfield>
      <subfield code="9">v:VD-16 Mitverf.</subfield>
    </datafield>
    <datafield tag="500" ind1="0" ind2=" ">
      <subfield code="0">(DE-101)100972020</subfield>
      <subfield code="0">(DE-588)100972020</subfield>
      <subfield code="0">https://d-nb.info/gnd/100972020</subfield>
      <subfield code="a">Jacobus</subfield>
      <subfield code="c">Butrigarius</subfield>
      <subfield code="d">1274-1347</subfield>
      <subfield code="4">beza</subfield>
      <subfield code="4">https://d-nb.info/standards/elementset/gnd#acquaintanceshipOrFriendship</subfield>
      <subfield code="w">r</subfield>
      <subfield code="i">Bekanntschaft</subfield>
      <subfield code="e">Bekanntschaft</subfield>
      <subfield code="9">v:VD-16 Mitverf.</subfield>
    </datafield>
    <datafield tag="500" ind1="1" ind2=" ">
      <subfield code="0">(DE-101)124676014</subfield>
      <subfield code="0">(DE-588)124676014</subfield>
      <subfield code="0">https://d-nb.info/gnd/124676014</subfield>
      <subfield code="a">Perneder, Andreas</subfield>
      <subfield code="d">1500-1543</subfield>
      <subfield code="4">beza</subfield>
      <subfield code="4">https://d-nb.info/standards/elementset/gnd#acquaintanceshipOrFriendship</subfield>
      <subfield code="w">r</subfield>
      <subfield code="i">Bekanntschaft</subfield>
      <subfield code="e">Bekanntschaft</subfield>
      <subfield code="9">v:VD-16 Mitverf.</subfield>
    </datafield>
    <datafield tag="500" ind1="0" ind2=" ">
      <subfield code="a">Petrus Boaterius</subfield>
      <subfield code="4">beza</subfield>
      <subfield code="4">https://d-nb.info/standards/elementset/gnd#acquaintanceshipOrFriendship</subfield>
      <subfield code="w">r</subfield>
      <subfield code="i">Bekanntschaft</subfield>
      <subfield code="e">Bekanntschaft</subfield>
      <subfield code="9">v:VD-16 Mitverf.</subfield>
    </datafield>
    <datafield tag="500" ind1="1" ind2=" ">
      <subfield code="a">Schrenck, Oktavian</subfield>
      <subfield code="4">beza</subfield>
      <subfield code="4">https://d-nb.info/standards/elementset/gnd#acquaintanceshipOrFriendship</subfield>
      <subfield code="w">r</subfield>
      <subfield code="i">Bekanntschaft</subfield>
      <subfield code="e">Bekanntschaft</subfield>
      <subfield code="9">v:VD-16 Mitverf.</subfield>
    </datafield>
    <datafield tag="500" ind1="1" ind2=" ">
      <subfield code="0">(DE-101)104201118</subfield>
      <subfield code="0">(DE-588)104201118</subfield>
      <subfield code="0">https://d-nb.info/gnd/104201118</subfield>
      <subfield code="a">Soccini, Bartolommeo</subfield>
      <subfield code="d">1436-1507</subfield>
      <subfield code="4">beza</subfield>
      <subfield code="4">https://d-nb.info/standards/elementset/gnd#acquaintanceshipOrFriendship</subfield>
      <subfield code="w">r</subfield>
      <subfield code="i">Bekanntschaft</subfield>
      <subfield code="e">Bekanntschaft</subfield>
      <subfield code="9">v:VD-16 Mitverf.</subfield>
    </datafield>
    <datafield tag="500" ind1="1" ind2=" ">
      <subfield code="0">(DE-101)119603578</subfield>
      <subfield code="0">(DE-588)119603578</subfield>
      <subfield code="0">https://d-nb.info/gnd/119603578</subfield>
      <subfield code="a">Albin, Bernhard</subfield>
      <subfield code="4">beza</subfield>
      <subfield code="4">https://d-nb.info/standards/elementset/gnd#acquaintanceshipOrFriendship</subfield>
      <subfield code="w">r</subfield>
      <subfield code="i">Bekanntschaft</subfield>
      <subfield code="e">Bekanntschaft</subfield>
      <subfield code="9">v:VD-16 Mitverf.</subfield>
    </datafield>
    <datafield tag="500" ind1="1" ind2=" ">
      <subfield code="a">Hunger, Wolfgang</subfield>
      <subfield code="c">der Ältere</subfield>
      <subfield code="4">beza</subfield>
      <subfield code="4">https://d-nb.info/standards/elementset/gnd#acquaintanceshipOrFriendship</subfield>
      <subfield code="w">r</subfield>
      <subfield code="i">Bekanntschaft</subfield>
      <subfield code="e">Bekanntschaft</subfield>
      <subfield code="9">v:VD-16 Mitverf.</subfield>
    </datafield>
    <datafield tag="500" ind1="0" ind2=" ">
      <subfield code="0">(DE-101)119768631</subfield>
      <subfield code="0">(DE-588)119768631</subfield>
      <subfield code="0">https://d-nb.info/gnd/119768631</subfield>
      <subfield code="a">M.S.S.A.S.</subfield>
      <subfield code="4">beza</subfield>
      <subfield code="4">https://d-nb.info/standards/elementset/gnd#acquaintanceshipOrFriendship</subfield>
      <subfield code="w">r</subfield>
      <subfield code="i">Bekanntschaft</subfield>
      <subfield code="e">Bekanntschaft</subfield>
      <subfield code="9">v:VD-16 Mitverf.</subfield>
    </datafield>
    <datafield tag="548" ind1=" " ind2=" ">
      <subfield code="a">1215-1300</subfield>
      <subfield code="4">datl</subfield>
      <subfield code="4">https://d-nb.info/standards/elementset/gnd#dateOfBirthAndDeath</subfield>
      <subfield code="w">r</subfield>
      <subfield code="i">Lebensdaten</subfield>
    </datafield>
    <datafield tag="550" ind1=" " ind2=" ">
      <subfield code="0">(DE-101)040290506</subfield>
      <subfield code="0">(DE-588)4029050-5</subfield>
      <subfield code="0">https://d-nb.info/gnd/4029050-5</subfield>
      <subfield code="a">Jurist</subfield>
      <subfield code="4">berc</subfield>
      <subfield code="4">https://d-nb.info/standards/elementset/gnd#professionOrOccupation</subfield>
      <subfield code="w">r</subfield>
      <subfield code="i">Charakteristischer Beruf</subfield>
    </datafield>
    <datafield tag="667" ind1=" " ind2=" ">
      <subfield code="a">12-PMA</subfield>
    </datafield>
    <datafield tag="667" ind1=" " ind2=" ">
      <subfield code="a">12</subfield>
    </datafield>
    <datafield tag="667" ind1=" " ind2=" ">
      <subfield code="a">7</subfield>
    </datafield>
    <datafield tag="667" ind1=" " ind2=" ">
      <subfield code="a">VD-17</subfield>
    </datafield>
    <datafield tag="667" ind1=" " ind2=" ">
      <subfield code="a">VD-16</subfield>
    </datafield>
    <datafield tag="670" ind1=" " ind2=" ">
      <subfield code="a">LMA,VII,959</subfield>
    </datafield>
    <datafield tag="670" ind1=" " ind2=" ">
      <subfield code="a">LCAuth</subfield>
    </datafield>
    <datafield tag="670" ind1=" " ind2=" ">
      <subfield code="a">LCAuth; PND</subfield>
    </datafield>
    <datafield tag="672" ind1=" " ind2="0">
      <subfield code="a">Rolandinus &lt;de Passageriis&gt;: Summa totius artis Notariae</subfield>
    </datafield>
    <datafield tag="672" ind1=" " ind2="0">
      <subfield code="a">Rolandinus &lt;de Passageriis&gt;: Tractatus. - 1550</subfield>
    </datafield>
    <datafield tag="672" ind1=" " ind2="0">
      <subfield code="a">Rolandinus &lt;de Passageriis&gt;: Flos Testamentorum. - s.a.</subfield>
    </datafield>
    <datafield tag="672" ind1=" " ind2="0">
      <subfield code="a">Rolandinus &lt;de Passageriis&gt;: SṼMA ROLANDINA. Das ist ein kurtzer bericht von allerhand Contracten vnnd Testamenten was ... 1549. (VD16 R 2940)</subfield>
    </datafield>
    <datafield tag="672" ind1=" " ind2="0">
      <subfield code="a">Perneder, Andreas: INSTITVTIONES. Auszzug vnd anzaigung etlicher geschriebenen Keyserlichen vnd desz ... 1578. (VD16 P 1506)</subfield>
    </datafield>
    <datafield tag="672" ind1=" " ind2="0">
      <subfield code="a">Rolandinus &lt;de Passageriis&gt;: SṼMA ROLANDINA. Das ist ain kurtzer bericht von allerhand Contracten vnnd Testamenten was ... 1559. (VD16 R 2944)</subfield>
    </datafield>
    <datafield tag="672" ind1=" " ind2="0">
      <subfield code="a">Rolandinus &lt;de Passageriis&gt;: SṼMA ROLANDINA. Das ist ein kurtzer bericht von allerhand Contracten vnnd Testamenten ... ... 1544. (VD16 R 2936)</subfield>
    </datafield>
    <datafield tag="672" ind1=" " ind2="0">
      <subfield code="a">Rolandinus &lt;de Passageriis&gt;: SṼMA ROLANDINA. Das ist ain kurtzer bericht von allerhand Contracten vnd Testamenten was ... 1563. (VD16 R 2946)</subfield>
    </datafield>
    <datafield tag="672" ind1=" " ind2="0">
      <subfield code="a">Rolandinus &lt;de Passageriis&gt;: . 1555. (VD16 ZV 16965)</subfield>
    </datafield>
    <datafield tag="672" ind1=" " ind2="0">
      <subfield code="a">Rolandinus &lt;de Passageriis&gt;: SṼMA ROLANDINA. Das ist ein kurtzer bericht von allerhand Contracten vnnd Testamenten was ... 1548. (VD16 R 2939)</subfield>
    </datafield>
    <datafield tag="672" ind1=" " ind2="0">
      <subfield code="a">Rolandinus &lt;de Passageriis&gt;: SṼMA ROLANDINA. Das ist ein kurtzer bericht von allerhand Contracten vnnd Testamenten was ... 1546. (VD16 R 2938)</subfield>
    </datafield>
    <datafield tag="672" ind1=" " ind2="0">
      <subfield code="a">Rolandinus &lt;de Passageriis&gt;: SṼMA ROLANDINA. Das ist ain kurtzer bericht von allerhand Contracten vnnd Testamenten was ... 1551. (VD16 R 2941)</subfield>
    </datafield>
    <datafield tag="672" ind1=" " ind2="0">
      <subfield code="a">Rolandinus &lt;de Passageriis&gt;: SṼMA ROLANDINA. Das ist ein kurtzer bericht von allerhand Contracten vnnd Testamenten was ... 1545. (VD16 R 2937)</subfield>
    </datafield>
    <datafield tag="678" ind1=" " ind2=" ">
      <subfield code="b">Bologneser Notar; Flos ultimarum voluntatum</subfield>
    </datafield>
    <datafield tag="678" ind1=" " ind2=" ">
      <subfield code="b">Notar, Staatsmann, Bologna</subfield>
    </datafield>
    <datafield tag="678" ind1=" " ind2=" ">
      <subfield code="b">Notar</subfield>
    </datafield>
    <datafield tag="913" ind1=" " ind2=" ">
      <subfield code="S">pnd</subfield>
      <subfield code="i">5</subfield>
      <subfield code="a">Rolandinus &lt;de Passageriis&gt;</subfield>
      <subfield code="0">(DE-588a)100959954</subfield>
    </datafield>
    <datafield tag="913" ind1=" " ind2=" ">
      <subfield code="S">pnd</subfield>
      <subfield code="i">5</subfield>
      <subfield code="a">Rolandinus &lt;De Passageriis&gt;</subfield>
      <subfield code="0">(DE-588a)177186887</subfield>
    </datafield>
  </record>
